<?xml version="1.0" encoding="UTF-8"?><collection xmlns="http://www.loc.gov/MARC21/slim"><record><leader>00647nam--2200181-i-4500</leader><controlfield tag="001">000043720</controlfield><controlfield tag="002">20161230</controlfield><controlfield tag="005">20161230201044</controlfield><controlfield tag="008">060222s1000------------r-----000-0-eng-d</controlfield><datafield ind1=" " ind2=" " tag="040"><subfield code="a">IFIN-HH</subfield></datafield><datafield ind1=" " ind2=" " tag="080"><subfield code="a">54-16:547</subfield></datafield><datafield ind1="1" ind2=" " tag="110"><subfield code="a">International Union Of Pure And Applied Chemistry</subfield></datafield><datafield ind1="1" ind2="0" tag="245"><subfield code="a">Structure of organic solids</subfield><subfield code="b">Main lectures presented at the second microsymposium structure of organic solids, held in prague czechoslovakia, 16-19 september 1968</subfield></datafield><datafield ind1=" " ind2=" " tag="260"><subfield code="a">London</subfield><subfield code="b">Butterworths</subfield><subfield code="c">1969</subfield></datafield><datafield ind1=" " ind2=" " tag="300"><subfield code="a">/465-550/P</subfield></datafield><datafield ind1=" " ind2=" " tag="490"><subfield code="a">International Union Of Pure And Applied Chemistry</subfield></datafield><datafield ind1=" " ind2=" " tag="852"><subfield code="a">32735</subfield><subfield code="c">539.2</subfield></datafield><datafield ind1=" " ind2=" " tag="CAT"><subfield code="a">Sys</subfield><subfield code="c">20121017</subfield><subfield code="h">165945</subfield></datafield></record></collection>